@Article{,
author = {Fuggetta-Pico-Vigna},
title = {Understanding Code Mobility},
year = {1998},
}

@Article{,
author = {Grassi},
title = {Slide del corso di Informatica Mobile},
year = {2008},
}

@Article{
author = {Schiller},
title = {Mobile Communications}.
year = {2003},
}

@Article{
author = {Jing-Helal-Elmagarmid},
title = {Client Server Computing in Mobile Environments}.
year = {1999},
}

@Article{
author = {Raatikainen-Christensen-Nakajima},
title = {Application Requirements for Middleware for Mobile and Pervasive Systems}.
year = {2002},
}

@Article{
author = {},
title = {}.
year = {},
}

@Article{
author = {},
title = {}.
year = {},
}
